<record><leader>00000cas a2200000 a 4500</leader><controlfield tag="001">14561341</controlfield><controlfield tag="008">861029d18uu1901iaudn ne      0    0eng c</controlfield><datafield ind1=" " ind2=" " tag="010"><subfield code="a">sn 86061150 </subfield></datafield><datafield ind1=" " ind2=" " tag="040"><subfield code="a">INP</subfield><subfield code="b">eng</subfield><subfield code="c">INP</subfield><subfield code="d">TGN</subfield><subfield code="d">OCLCQ</subfield><subfield code="d">OCLCF</subfield><subfield code="d">OCLCO</subfield><subfield code="d">IUL</subfield></datafield><datafield ind1=" " ind2=" " tag="042"><subfield code="a">pcc</subfield></datafield><datafield ind1=" " ind2=" " tag="043"><subfield code="a">n-us-ia</subfield></datafield><datafield ind1="0" ind2="0" tag="245"><subfield code="a">Dubuque daily telegraph.</subfield></datafield><datafield ind1="3" ind2="0" tag="246"><subfield code="a">Sunday morning telegraph</subfield></datafield><datafield ind1="3" ind2="0" tag="246"><subfield code="a">Telegraph-Democrat</subfield></datafield><datafield ind1="3" ind2="0" tag="246"><subfield code="a">Evening telegraph</subfield></datafield><datafield ind1=" " ind2=" " tag="260"><subfield code="a">Dubuque, Iowa :</subfield><subfield code="b">Telegraph Publishing Co.,</subfield><subfield code="c">-1901.</subfield></datafield><datafield ind1=" " ind2=" " tag="300"><subfield code="a">v. :</subfield><subfield code="b">ill. ;</subfield><subfield code="c">59 cm.</subfield></datafield><datafield ind1=" " ind2=" " tag="310"><subfield code="a">Daily (except Monday)</subfield></datafield><datafield ind1="1" ind2=" " tag="362"><subfield code="a">Began between Oct. 9, 1876 and Apr. 16, 1892.</subfield></datafield><datafield ind1="0" ind2=" " tag="362"><subfield code="a">-vol. LVII, no. 108 (October 26, 1901).</subfield></datafield><datafield ind1=" " ind2=" " tag="500"><subfield code="a">Sunday edition called: Sunday morning telegraph.</subfield></datafield><datafield ind1=" " ind2=" " tag="500"><subfield code="a">Title varies: Telegraph-Democrat; Evening telegraph. Cf. bibliography of Iowa newspapers.</subfield></datafield><datafield ind1=" " ind2=" " tag="500"><subfield code="a">"Official paper of city and county."</subfield></datafield><datafield ind1=" " ind2=" " tag="588"><subfield code="a">Description based on: Vol. 41, no. 87 (Apr. 16, 1892); title from masthead.</subfield></datafield><datafield ind1=" " ind2="0" tag="651"><subfield code="a">Dubuque (Iowa)</subfield><subfield code="v">Newspapers.</subfield></datafield><datafield ind1=" " ind2="0" tag="651"><subfield code="a">Dubuque County (Iowa)</subfield><subfield code="v">Newspapers.</subfield></datafield><datafield ind1=" " ind2="7" tag="651"><subfield code="a">Iowa</subfield><subfield code="z">Dubuque.</subfield><subfield code="2">fast</subfield><subfield code="0">(OCoLC)fst01217313</subfield></datafield><datafield ind1=" " ind2="7" tag="651"><subfield code="a">Iowa</subfield><subfield code="z">Dubuque County.</subfield><subfield code="2">fast</subfield><subfield code="0">(OCoLC)fst01212637</subfield></datafield><datafield ind1=" " ind2="7" tag="655"><subfield code="a">Newspapers.</subfield><subfield code="2">fast</subfield><subfield code="0">(OCoLC)fst01423814</subfield></datafield><datafield ind1=" " ind2=" " tag="752"><subfield code="a">United States</subfield><subfield code="b">Iowa</subfield><subfield code="c">Dubuque</subfield><subfield code="d">Dubuque.</subfield></datafield><datafield ind1="0" ind2=" " tag="775"><subfield code="t">Dubuque weekly telegraph</subfield><subfield code="w">(DLC)sn 84038143</subfield><subfield code="w">(OCoLC)11189100</subfield></datafield><datafield ind1="0" ind2="0" tag="780"><subfield code="t">Dubuque telegraph (Dubuque, Iowa : 1870)</subfield><subfield code="w">(DLC)sn 84027132</subfield><subfield code="w">(OCoLC)10887428</subfield></datafield><datafield ind1="0" ind2="5" tag="780"><subfield code="t">Democrat (Dubuque, Iowa : 1882 : Daily)</subfield><subfield code="g">1884</subfield></datafield><datafield ind1="0" ind2="7" tag="785"><subfield code="t">Dubuque daily herald (Dubuque, Iowa : 1885)</subfield><subfield code="w">(DLC)sn 82015847</subfield><subfield code="w">(OCoLC)8814885</subfield></datafield><datafield ind1="0" ind2="7" tag="785"><subfield code="t">Dubuque telegraph-herald (Dubuque, Iowa : 1901 : Daily)</subfield><subfield code="w">(DLC)sn 86061151</subfield><subfield code="w">(OCoLC)14561487</subfield></datafield><datafield ind1="4" ind2="1" tag="856"><subfield code="u">http://news.google.com/newspapers?nid=5kgRglCLipYC</subfield></datafield><datafield ind1="1" ind2=" " tag="029"><subfield code="a">AU@</subfield><subfield code="b">000020439096</subfield></datafield></record>